<record><leader>00000cas a2200000 a 4500</leader><controlfield tag="001">611066753</controlfield><controlfield tag="007">hd afb---||||</controlfield><controlfield tag="008">100504d18711872paudr nea6    |    0eng c</controlfield><datafield ind1=" " ind2=" " tag="010"><subfield code="a">  2010256021</subfield></datafield><datafield ind1=" " ind2=" " tag="040"><subfield code="a">RBN</subfield><subfield code="b">eng</subfield><subfield code="c">RBN</subfield><subfield code="d">OCLCQ</subfield></datafield><datafield ind1=" " ind2=" " tag="042"><subfield code="a">pcc</subfield></datafield><datafield ind1="0" ind2="4" tag="245"><subfield code="a">The Philadelphia post.</subfield></datafield><datafield ind1=" " ind2=" " tag="260"><subfield code="a">Philadelphia [Pa.] :</subfield><subfield code="b">Messrs. Collins &amp; McLeester,</subfield><subfield code="c">1871-1872.</subfield></datafield><datafield ind1=" " ind2=" " tag="300"><subfield code="a">volumes :</subfield><subfield code="b">illustrations (chiefly advertisements) ;</subfield><subfield code="c">59 cm</subfield></datafield><datafield ind1=" " ind2=" " tag="310"><subfield code="a">Daily</subfield></datafield><datafield ind1=" " ind2=" " tag="336"><subfield code="a">text</subfield><subfield code="b">txt</subfield><subfield code="2">rdacontent</subfield></datafield><datafield ind1=" " ind2=" " tag="337"><subfield code="a">microform</subfield><subfield code="b">h</subfield><subfield code="2">rdamedia</subfield></datafield><datafield ind1=" " ind2=" " tag="338"><subfield code="a">microfilm reel</subfield><subfield code="b">hd</subfield><subfield code="2">rdacarrier</subfield></datafield><datafield ind1="1" ind2=" " tag="362"><subfield code="a">Began with vol. 5, no. 7 (Jan. 9. 1871); ceased with v. 6, no. 247 (Oct. 15, 1872).</subfield></datafield><datafield ind1=" " ind2=" " tag="580"><subfield code="a">Issued also in a Sunday edition called: Sunday post. Cf. Checklist of Pa. newspapers.</subfield></datafield><datafield ind1=" " ind2=" " tag="588"><subfield code="a">Description based on Nov. 3, 1871; title from caption.</subfield></datafield><datafield ind1=" " ind2=" " tag="588"><subfield code="a">Latest issue consulted: Nov. 3, 1871.</subfield></datafield><datafield ind1=" " ind2=" " tag="533"><subfield code="a">Microfilm.</subfield><subfield code="b">[S.l.] :</subfield><subfield code="c">Readex,</subfield><subfield code="d">1981.</subfield><subfield code="e">1 microfilm reels ; 35 mm.</subfield></datafield><datafield ind1=" " ind2=" " tag="752"><subfield code="a">United States</subfield><subfield code="b">Pennsylvania</subfield><subfield code="c">Philadelphia</subfield><subfield code="d">Philadelphia.</subfield></datafield><datafield ind1="1" ind2=" " tag="775"><subfield code="t">Sunday post (Philadelphia, Pa.)</subfield></datafield><datafield ind1="0" ind2="0" tag="780"><subfield code="t">Morning post (Philadelphia, Pa. : 1867)</subfield></datafield></record>